<record><leader>01656cam a2200421oi 4500</leader><controlfield tag="001">6713348</controlfield><controlfield tag="003">CaONFJC</controlfield><controlfield tag="005">20140918143332.0</controlfield><controlfield tag="006">m        d        </controlfield><controlfield tag="007">cr |n|||||||||</controlfield><controlfield tag="008">131226s2015    nyua    o     001 0 eng d</controlfield><datafield ind1=" " ind2=" " tag="020"><subfield code="a">9780415717540</subfield><subfield code="q">paperback</subfield></datafield><datafield ind1=" " ind2=" " tag="020"><subfield code="a">9781315871288</subfield><subfield code="q">ebook</subfield></datafield><datafield ind1=" " ind2=" " tag="020"><subfield code="a">9781306970365 (MyiLibrary)</subfield></datafield><datafield ind1=" " ind2=" " tag="037"><subfield code="a">628287</subfield><subfield code="b">MIL</subfield></datafield><datafield ind1=" " ind2=" " tag="039"><subfield code="a">exclude</subfield></datafield><datafield ind1=" " ind2=" " tag="040"><subfield code="a">CaONFJC</subfield><subfield code="c">CaONFJC</subfield><subfield code="e">rda</subfield><subfield code="d">AEU</subfield></datafield><datafield ind1="0" ind2="4" tag="050"><subfield code="a">TR267</subfield><subfield code="b">.S386 2015eb</subfield></datafield><datafield ind1="0" ind2="4" tag="082"><subfield code="a">771</subfield><subfield code="2">23</subfield></datafield><datafield ind1=" " ind2=" " tag="084"><subfield code="a">PHO003000</subfield><subfield code="a">PHO021000</subfield><subfield code="2">bisacsh</subfield></datafield><datafield ind1=" " ind2=" " tag="090"><subfield code="a">Internet Access</subfield><subfield code="b">AEGMCT</subfield></datafield><datafield ind1="1" ind2=" " tag="100"><subfield code="a">Scott, Grant,</subfield><subfield code="e">author.</subfield></datafield><datafield ind1="1" ind2="0" tag="245"><subfield code="a">Professional photography :</subfield><subfield code="b">the new global landscape explained /</subfield><subfield code="c">Grant Scott.</subfield></datafield><datafield ind1=" " ind2="1" tag="264"><subfield code="a">New York :</subfield><subfield code="b">Focal Press, Taylor &amp; Francis Group,</subfield><subfield code="c">2015.</subfield></datafield><datafield ind1=" " ind2=" " tag="300"><subfield code="a">1 online resource (xii, 195 pages) :</subfield><subfield code="b">illustrations (chiefly colour)</subfield></datafield><datafield ind1=" " ind2=" " tag="336"><subfield code="a">text</subfield><subfield code="b">txt</subfield><subfield code="2">rdacontent</subfield></datafield><datafield ind1=" " ind2=" " tag="337"><subfield code="a">computer</subfield><subfield code="b">c</subfield><subfield code="2">rdamedia</subfield></datafield><datafield ind1=" " ind2=" " tag="338"><subfield code="a">online resource</subfield><subfield code="b">cr</subfield><subfield code="2">rdacarrier</subfield></datafield><datafield ind1=" " ind2=" " tag="500"><subfield code="a">Includes index.</subfield></datafield><datafield ind1=" " ind2=" " tag="500"><subfield code="a">Includes appendix of websites for 'The new landsacpe community online' (pages 184-188).</subfield></datafield><datafield ind1=" " ind2=" " tag="506"><subfield code="a">Access restricted to authorized users and institutions.</subfield></datafield><datafield ind1=" " ind2=" " tag="588"><subfield code="a">Description based on print version record.</subfield></datafield><datafield ind1=" " ind2=" " tag="596"><subfield code="a">57</subfield></datafield><datafield ind1=" " ind2="0" tag="650"><subfield code="a">Photography</subfield><subfield code="x">Digital techniques.</subfield></datafield><datafield ind1=" " ind2="0" tag="650"><subfield code="a">Photography</subfield><subfield code="x">Vocational guidance.</subfield></datafield><datafield ind1="4" ind2="0" tag="856"><subfield code="3">MacEwan University Access</subfield><subfield code="u">http://lib.myilibrary.com/detail.asp?ID=628287</subfield><subfield code="z">(Single User Access)</subfield></datafield><datafield ind1=" " ind2=" " tag="949"><subfield code="w">ORDER</subfield><subfield code="h">UAIN</subfield><subfield code="m">GR_MAC_INT</subfield><subfield code="z">MILGMPSA</subfield></datafield><datafield ind1=" " ind2=" " tag="926"><subfield code="a">Internet Access</subfield><subfield code="w">ORDER</subfield><subfield code="c">1</subfield><subfield code="i">6713348-1001</subfield><subfield code="l">INTERNET</subfield><subfield code="m">GR_MAC_INT</subfield><subfield code="r">Y</subfield><subfield code="s">Y</subfield><subfield code="t">E-RESOURCE</subfield><subfield code="u">10/28/2014</subfield><subfield code="x">E-BOOK</subfield><subfield code="z">MILGMPSA</subfield></datafield></record>